@online{grpcdocs,
	author    = "{gRPC Authors}",
	title     = "{gRPC Documentation}",
	year      = "2024",
	url       = "https://grpc.io/docs/",
	note      = "Accessed: 2024-06-08"
}

@misc{rfc9113,
	author       = {Thomson, Martin and Bishop, Mike},
	title        = {Hypertext Transfer Protocol Version 2 (HTTP/2)},
	howpublished = {Internet Engineering Task Force (IETF) RFC 9113},
	year         = {2022},
	url          = {https://datatracker.ietf.org/doc/html/rfc9113},
	note         = {Accessed: 2025-08-31}
}

@online{aspnet-grpcweb,
	author       = {{Microsoft Docs}},
	title        = {Use gRPC-Web with .NET},
	year         = {2025},
	url          = {https://learn.microsoft.com/en-us/aspnet/core/grpc/grpcweb?view=aspnetcore-9.0},
	note         = {Accessed: 2025-08-31}
}


@misc{graphql,
	author       = "{GraphQL Foundation}",
	title        = "{GraphQL Documentation}",
	year         = "2024",
	howpublished = "\url{https://graphql.org/}",
	note         = "Accessed: 2024-06-08"
}

@misc{restfielding,
	author       = "Roy Thomas Fielding",
	title        = "{Architectural Styles and the Design of Network-based Software Architectures}",
	year         = "2000",
	howpublished = "\url{https://www.ics.uci.edu/~fielding/pubs/dissertation/rest_arch_style.htm}",
	note         = "Accessed: 2024-06-08"
}

@misc{Alkhodary2022,
	author       = "Alkhodary",
	title        = "{Analyse des Backend-for-Frontend Patterns mittels der Technologien gRPC, REST und GraphQL}",
	year         = "2022",
	note         = "To-be-read"
}

@misc{gRPCAbout,
	author       = "{gRPC Authors}",
	title        = "{About gRPC}",
	year         = "2025",
	url          = "https://grpc.io/about/",
	note         = "Accessed: 2025-08-29"
}


@misc{Koponen2024,
	author       = "Koponen",
	title        = "{Beschäftigt sich mit der Verwendung des RPC-Modells in Web Anwendungen}",
	year         = "2024",
	note         = "To-be-read"
}

@misc{Omer2024,
	author       = "Omer",
	title        = "{Genereller Vergleich von REST, GraphQL und gRPC}",
	year         = "2024",
	note         = "To-be-read. Vergleichsdaten"
}

@mastersthesis{diva2024kafka,
	author       = {Mikael Larsson and Daniel Lindh},
	title        = {Evaluating the Performance of Serialization Protocols in Apache Kafka},
	school       = {Umeå University},
	year         = {2024},
	url          = {https://www.diva-portal.org/smash/get/diva2:1878772/FULLTEXT01.pdf},
	type         = {Master's thesis},
	note         = {DiVA id: diva2:1878772}
}

@standard{ecma404-2017,
	title        = {The JSON Data Interchange Syntax},
	author       = {{Ecma International}},
	institution  = {Ecma International},
	type         = {Standard, 2nd edition},
	number       = {ECMA-404},
	month        = dec,
	year         = {2017},
	url          = {https://www.ecma-international.org/wp-content/uploads/ECMA-404_2nd_edition_december_2017.pdf},
	note         = {JSON-Daten‑Interchange‑Syntax, veröffentlicht Dezember 2017},
}

@online{protobufdocs,
	author    = "{Google}",
	title     = "{Protocol Buffers Documentation}",
	year      = "2024",
	url       = "https://protobuf.dev/overview/",
	note      = "Accessed: 2024-06-09"
}

@misc{http1spec,
	author       = "{Hypertext Transfer Protocol Working Group}",
	title        = "{RFC 9112: HTTP/1.1}",
	year         = "2022",
	howpublished = "\url{https://httpwg.org/specs/rfc9112.html}",
	note         = "Accessed: 2024-06-09"
}

@online{awsfrontendbackend,
	author    = "{Amazon Web Services, Inc.}",
	title     = "{The difference between frontend and backend explained}",
	year      = "2024",
	url       = "https://aws.amazon.com/de/compare/the-difference-between-frontend-and-backend/",
	note      = "Accessed: 2024-06-09"
}

@online{koponen2024rpc,
	author    = "{Ruupert Koponen}",
	title     = "{Understanding re-emergence of the RPC model in web development}",
	year      = "2024",
	url       = "https://www.researchgate.net/publication/380547826_Understanding_re-emergence_of_the_RPC_model_in_web_development",
	note      = "Accessed: 2024-06-11"
}

@book{kurose2021computernetworking,
	author       = {James F. Kurose and Keith W. Ross},
	title        = {Computer Networking: A Top‐Down Approach},
	edition      = {8},
	year         = {2021},
	publisher    = {Pearson},
	isbn         = {978-0-13-668155-7},
	url          = {https://networking.harshkapadia.me/files/books/computer-networking-a-top-down-approach-8th-edition.pdf},
	note         = {Online‑PDF über Harsh K. Kapadia, abgerufen Juni 2025},
}

@misc{Brandhorst2019,
	author       = {Brandhorst, Johan},
	title        = {The state of gRPC in the browser},
	howpublished = {Blog post on gRPC.io},
	year         = {2019},
	month        = jan,
	day          = {8},
	url          = {https://grpc.io/blog/state-of-grpc-web/},
	note         = {Accessed: 2025-08-29}
}

@misc{Ahmad2025,
	author       = {Ahmad, Arslan},
	title        = {REST vs GraphQL vs gRPC},
	howpublished = {Blog post on DesignGurus.io},
	year         = {2025},
	month        = aug,
	day          = {22},
	url          = {https://www.designgurus.io/blog/rest-graphql-grpc-system-design},
	note         = {Accessed: 2025-08-29}
}

@misc{Microsoft2025,
	author       = {{Microsoft Azure Architecture Center}},
	title        = {Best practices for RESTful web API design},
	howpublished = {Documentation on Microsoft Learn},
	year         = {2025},
	month        = aug,
	url          = {https://learn.microsoft.com/en-us/azure/architecture/best-practices/api-design},
	note         = {Accessed: 2025-08-31}
}

@online{w3c-fileapi,
	author    = {{World Wide Web Consortium (W3C)}},
	title     = {File API},
	year      = {2024},
	url       = {https://www.w3.org/TR/FileAPI/},
	note      = {W3C Working Draft, accessed 2025-08-31}
}

@online{redhat-apiguide,
	author = {{Red Hat}},
	title  = {An architect's guide to APIs: SOAP, REST, GraphQL, and gRPC},
	year   = {2020},
	url    = {https://www.redhat.com/en/blog/apis-soap-rest-graphql-grpc},
	note   = {Accessed: 2025-08-31}
}

@phdthesis{fielding2000rest,
	author       = {Roy Thomas Fielding},
	title        = {Architectural Styles and the Design of Network-based Software Architectures},
	school       = {University of California, Irvine},
	year         = {2000},
	url          = {https://ics.uci.edu/~fielding/pubs/dissertation/fielding_dissertation.pdf},
	note         = {Accessed: 2025-08-31}
}

@misc{rfc9110,
	title        = {Hypertext Transfer Protocol (HTTP): Semantics},
	author       = {IETF HTTPbis Working Group},
	howpublished = {RFC 9110},
	year         = {2022},
	note         = {Standards Track, accessed 2025-08-31},
	url          = {https://datatracker.ietf.org/doc/html/rfc9110}
}

@online{graphql-org,
	author = {{GraphQL Foundation}},
	title  = {GraphQL Documentation},
	year   = {2025},
	url    = {https://graphql.org/learn/},
	note   = {Accessed: 2025-08-31}
}

@online{grpc-history,
	author = {{gRPC Authors}},
	title  = {About gRPC – The story behind gRPC},
	year   = {2025},
	url    = {https://grpc.io/about/},
	note   = {Accessed: 2025-08-31}
} 

@online{grpc-googleblog,
	author = {{Mugur Marculescu}},
	title  = {Introducing gRPC, a new open source HTTP/2 RPC Framework},
	year   = {2015},
	url    = {https://developers.googleblog.com/en/introducing-grpc-a-new-open-source-http2-rpc-framework/},
	note   = {Posted: February 26, 2015; Accessed: 2025-08-31}
}

@online{aws-rpc-vs-rest,
	author = {{AWS}},
	title  = {RPC vs REST – Difference Between API Architectures},
	year   = {2025},
	url    = {https://aws.amazon.com/compare/the-difference-between-rpc-and-rest/},
	note   = {Accessed: 2025-08-31}
}

@online{grpc-about,
	author = {{gRPC Authors}},
	title  = {About gRPC},
	year   = {2025},
	url    = {https://grpc.io/about/},
	note   = {Accessed: 2025-08-31}
}

@misc{envoy_grpc_web,
	author = {{Envoy Proxy Authors}},
	title  = {gRPC-Web Support via Envoy Filter},
	howpublished = {Envoy Documentation},
	year   = {2025},
	url    = {https://www.envoyproxy.io/docs/envoy/latest/configuration/http/http_filters/grpc_web_filter},
	note   = {Accessed: 2025-08-31}
}

@online{grpc-web-docs,
	author = {{gRPC Authors}},
	title  = {gRPC-Web Basics},
	year   = {2025},
	url    = {https://grpc.io/docs/platforms/web/basics/},
	note   = {Accessed: 2025-08-31}
}

@online{ludwig-mayerhofer-statistik,
	author = {Ludwig-Mayerhofer, Wolfgang},
	title  = {Statistik I – Maßzahlen der zentralen Tendenz},
	year   = {2025},
	url    = {https://www.uni-siegen.de/phil/sozialwissenschaften/soziologie/mitarbeiter/ludwig-mayerhofer/statistik/statistik_downloads/statistik_i_3.pdf},
	note   = {Accessed: 2025-08-31}
}

@online{browser-engines,
	author = {{Chrome Developers}},
	title  = {What is Blink? | Web Platform},
	year   = {2025},
	url    = {https://developer.chrome.com/docs/web-platform/blink},
	note   = {Accessed: 2025-08-31}
}

@online{postman2023,
	author = {{Postman}},
	title  = {2023 State of the API Report},
	year   = {2023},
	url    = {https://www.postman.com/state-of-api/2023/},
	note   = {Accessed: 2025-08-31}
}

@online{postman2022,
	author = {{Postman}},
	title  = {2022 State of the API Report},
	year   = {2022},
	url    = {https://www.postman.com/state-of-api/2022/},
	note   = {Accessed: 2025-08-31}
}

@online{stackoverflow2023,
	author = {{Stack Overflow}},
	title  = {Stack Overflow Developer Survey 2023 – Technology page},
	year   = {2023},
	url    = {https://survey.stackoverflow.co/2023/technology/},
	note   = {Accessed: 2025-08-31}
}

@online{postman-rest-api-examples,
	author = {{Postman Team}},
	title  = {What Is a REST API? Examples, Uses \& Challenges},
	year   = {2023},
	url    = {https://blog.postman.com/rest-api-examples/},
	note   = {Accessed: 2025-08-31}
}

@online{nordicapis-graphql-examples,
	author = {Charboneau, Tyler},
	title  = {6 Examples of GraphQL in Production at Large Companies},
	year   = {2022},
	url    = {https://nordicapis.com/6-examples-of-graphql-in-production-at-large-companies/},
	note   = {Accessed: 2025-08-31}
}

@online{aws-appsync-why-use-graphql,
	author = {{Amazon Web Services}},
	title  = {Why Use GraphQL over REST?},
	year   = {2025},
	url    = {https://docs.aws.amazon.com/appsync/latest/devguide/why-use-graphql.html},
	note   = {Accessed: 2025-08-31}
}

@online{spotify-k8s-case,
	author = {{Kubernetes Authors}},
	title  = {Case Study: Spotify},
	year   = {2025},
	url    = {https://kubernetes.io/case-studies/spotify/},
	note   = {Accessed: 2025-08-31}
}

@online{netflix-protobuf,
	author = {{Netflix Tech Blog}},
	title  = {Practical API Design at Netflix, Part 1: Using Protobuf \& FieldMask},
	year   = {2023},
	url    = {https://netflixtechblog.com/practical-api-design-at-netflix-part-1-using-protobuf-fieldmask-35cfdc606518},
	note   = {Accessed: 2025-08-31}
}

@online{roblox-analytics,
	author = {{Roblox Newsroom}},
	title  = {Roblox’s Path to 2 Trillion Analytics Events a Day},
	year   = {2025},
	url    = {https://corp.roblox.com/newsroom/2025/06/roblox-path-to-2-trillion-analytics-events-a-day},
	note   = {Accessed: 2025-08-31}
}

@article{Kaminski2022Comparative,
	author       = {Łukasz Kamiński and Maciej Kozłowski and Daniel Sporysz and Katarzyna Wolska and Patryk Zaniewski and Radosław Roszczyk},
	title        = {Comparative review of selected Internet communication protocols},
	journal      = {arXiv preprint},
	year         = {2022},
	month        = dec,
	note         = {Preprint; DOI: 10.48550/arXiv.2212.07475},
	url          = {https://www.researchgate.net/publication/366321051_Comparative_review_of_selected_Internet_communication_protocols}
}

@inproceedings{Bolanowski2022Efficiency,
	author       = {Marek Bolanowski and Kamil Żak and Andrzej Paszkiewicz and Maria Ganzha and Marcin Paprzycki and Piotr Sowiński and Ignacio Lacalle and Carlos E. Palau},
	title        = {Efficiency of REST and gRPC realizing communication tasks in microservice-based ecosystems},
	booktitle    = {Proceedings of the International Conference on Intelligent Software Methodologies, Tools and Techniques (SOMET 2022)},
	year         = {2022},
	month        = sep,
	note         = {Available via ResearchGate: \url{https://www.researchgate.net/publication/362410022_Eficiency_of_REST_and_gRPC_realizing_communication_tasks_in_microservice-based_ecosystems}},
	url          = {https://www.researchgate.net/publication/362410022_Eficiency_of_REST_and_gRPC_realizing_communication_tasks_in_microservice-based_ecosystems},
}

@techreport{BergRedi2023Benchmarking,
	author      = {Johan Berg and Daniel Mebrahtu Redi},
	title       = {Benchmarking the request throughput of conventional API calls and gRPC: A comparative study of REST and gRPC},
	institution = {KTH Royal Institute of Technology, School of Electrical Engineering and Computer Science (EECS)},
	year        = {2023},
	type        = {Bachelor’s thesis},
	number      = {TRITA-EECS-EX 2023:437},
	address     = {Stockholm, Sweden},
	month       = jun,
	url         = {https://kth.diva-portal.org/smash/record.jsf?pid=diva2:1792957},
}

@article{Niswar2024PerformanceEvaluation,
	author       = {Muhammad Niswar and Reza Arisandy Safruddin and Anugrayani Bustamin and Iqra Aswad},
	title        = {Performance evaluation of microservices communication with REST, GraphQL, and gRPC},
	journal      = {International Journal of Electronics and Telecommunications},
	volume       = {70},
	number       = {2},
	pages        = {429--436},
	year         = {2024},
	month        = jun,
	doi          = {10.24425/ijet.2024.149562},
	url          = {https://www.researchgate.net/publication/381763921_Performance_evaluation_of_microservices_communication_with_REST_GraphQL_and_gRPC},
}


%% autogenerated by script './pretty_print_all-static-groups.py' %%
%% (Mon, 05 May 2025 16:49:59 +0000) %%
%% NOTE: for pdflatex/biber add \usepackage[super]{nth} %%
