@online{acm:diglibrary,
  author     = "{ACM, Inc. (Association for Computing Machinery)}",
  title      = "ACM Digital Library",
  url        = "https://dl.acm.org",
  urldate    = "2021-10-17",
}

@book{Alley:1998,
  author     = "Michael Alley",
  title      = "The Craft of Scientific Writing",
  publisher  = "Springer",
  edition    = "3",
  isbn       = "0387947663",
  year       = "1998",
  url        = "http://www.writing.eng.vt.edu/csw.html",
}

@inproceedings{Batina:2011,
  author     = "Lejla Batina and STefaan Seys and Dave Singel{\'e}e and Ingrid
                Verbauwhede",
  title      = "Hierarchical ECC-Based RFID Authentication Protocol",
  booktitle  = "Proceedings of the \nth{7} International Conference on RFID
                Security and Privacy (RFIDSec'11)",
  publisher  = "Springer-Verlag",
  isbn       = "9783642252853",
  year       = "2012",
  pages      = "183--201",
  doi        = "10.1007/978-3-642-25286-0_12",
}

@book{Booth:2008,
  author     = "Wayne C. Booth and Gregory G. Colomb and Joseph M. Williams",
  title      = "The Craft of Research",
  publisher  = "University of Chicago Press",
  edition    = "3",
  date       = "2008",
}

@book{Eco:2010,
  author     = "Umberto Eco",
  title      = "Wie man eine wissenschaftliche Abschlu{\ss}arbeit schreibt:
                Doktor-, Diplom- und Magisterarbeit in den Geistes- und
                Sozialwissenschaften",
  publisher  = "facultas wuv (UTB)",
  edition    = "13",
  isbn       = "9783825215125",
  year       = "2010",
  url        = "http://books.google.com/books?id=Y5c7cgAACAAJ",
}

@inproceedings{Fernandez-Mir:2011,
  author     = "Alber Fern{\`a}ndez-Mir and Rolando Trujillo-Rasua and Jordi
                Castell{\`a}-Roca and Josep Domingo-Ferrer",
  title      = "A Scalable RFID Authentication Protocol Supporting Ownership
                Transfer and Controlled Delegation",
  booktitle  = "Proceedings of the \nth{7} International Conference on RFID
                Security and Privacy (RFIDSec'11)",
  publisher  = "Springer-Verlag",
  isbn       = "9783642252853",
  year       = "2012",
  pages      = "147--162",
  doi        = "10.1007/978-3-642-25286-0_10",
}

@book{Field:2003,
  author     = "Andy P. Field and Graham Hole",
  title      = "How to Design and Report Experiments",
  publisher  = "Sage Publications",
  isbn       = "0761973826",
  date       = "2003-02",
}

@online{Google:2016a,
  author     = "{Google Inc.}",
  title      = "Accessibility Scanner",
  date       = "2016-10-06",
  url        = "https://play.google.com/store/apps/details?id=com.google.android.apps.accessibility.auditor",
  urldate    = "2021-10-27",
}

@online{Google:2017a,
  author     = "{Google Inc.}",
  title      = "Testing Your App's Accessibility",
  date       = "2017-02-08",
  url        = "https://developer.android.com/training/accessibility/testing.html",
  urldate    = "2021-10-08",
}

@online{ieee:xplore,
  author     = "{IEEE (Institute of Electrical and Electronics Engineers)}",
  title      = "IEEE Xplore Digital Library",
  url        = "https://ieeexplore.ieee.org/",
  urldate    = "2021-05-17",
}

@inproceedings{Li:2008,
  author     = "Kevin A. Li and Patrick Baudisch and Ken Hinckley",
  title      = "Blindsight: Eyes-Free Access to Mobile Phones",
  booktitle  = "Proc.\ \nth{26} Annual SIGCHI Conference on Human Factors in
                Computing Systems (CHI2008) (CHI 2008)",
  publisher  = "ACM",
  isbn       = "9781605580111",
  year       = "2008",
  month      = apr,
  pages      = "1389--1398",
  doi        = "10.1145/1357054.1357273",
}

@book{Strunk:2000,
  author     = "Strunk, Jr, William and Elwyn Brooks White",
  title      = "The Elements of Style",
  publisher  = "Pearson Higher Education",
  edition    = "4",
  isbn       = "020530902X",
  year       = "2000",
}

@booklet{Wisconsin:2004,
  author     = "{The Writing Center}",
  title      = "Writer's Handbook",
  howpublished = "University of Wisconsin, Madison",
  year       = "2004",
  url        = "http://www.wisc.edu/writing/Handbook/index.html",
}

@book{Yin:2013,
  author     = "Robert K. Yin",
  title      = "Case Study Research",
  publisher  = "Sage Publications",
  isbn       = "9781452242569",
  year       = "2013",
}

@book{Zobel:2004,
  author     = "Justin Zobel",
  title      = "Writing for Computer Science",
  publisher  = "Springer",
  edition    = "2",
  isbn       = "1852338024",
  year       = "2004",
  month      = apr,
}
